% Encoding: UTF-8

@Unpublished{lstm-picture,
  author = {C. Olah},
  title  = {Understanding LSTM Networks},
  month  = aug,
  year   = {2015},
  url    = { http://colah.github.io/posts/2015-08-Understanding-LSTMs/},
}

@Comment{jabref-meta: databaseType:bibtex;}
